@article{camerodiseno,
  title={DISEÑO DE FUENTES CONMUTADAS},
  author={Camero, Alfonso Darío López and Portal, Elianny Treto and Crispí, Alberto Taboada}
}
@misc{electrocomponentes2012fuentes,
  title={Fuentes de alimentación},
  author={Electrocomponentes, SA},
  year={2012},
  publisher={Obtenido de http://www. sase. com. ar/2011/files/2010/11/SASE2011~…}
}